\
@misc{ScherfUFT,
  author       = {Matthew Scherf},
  title        = {Unified Field Theory: Isabelle/HOL Formalization},
  howpublished = {\url{https://github.com/matthew-scherf/}},
  year         = {2025},
  note         = {Preprint and resources.}
}
